\begin{thebibliography}{8}
\bibitem{NA62} \textit{na62.web.cern.ch/NA62/Home/Aim.html}
\bibitem{spettrometro} Federico Massa, \textit{Simulazione di uno spettrometro per il decadimento $K^0_S \rightarrow \pi^+ \pi^-$}
\bibitem{br teorico} A. J. Buras, D. Buttazzo, J. Girrbach-Noe and R. Knegjens, $K^+ \rightarrow \pi^+ \nu \bar{\nu}$ \textit{and} $K_L \rightarrow \pi^0 \nu \bar{\nu}$ \textit{in  the  Standard  Model:  Status  and  Perspectives},  arXiv:1503.02693\[hep-ph\].
\bibitem{NA62 flux} na62.web.cern.ch/na62/Documents/na62\_poster\_experiment\_CERN.pdf
\end{thebibliography}